<?xml version='1.0' encoding='UTF-8'?>
<record xmlns="http://www.loc.gov/MARC21/slim">
  <leader>01317cam a22003375  4500</leader>
  <controlfield tag="001">2787711</controlfield>
  <controlfield tag="003">NjP</controlfield>
  <controlfield tag="005">20171013181027.0</controlfield>
  <controlfield tag="008">991119s1954    ua            000 0 ara d</controlfield>
  <datafield tag="024" ind1="7" ind2=" ">
    <subfield code="a">princeton_aco002884</subfield>
    <subfield code="2">local</subfield>
  </datafield>
  <datafield ind1=" " ind2=" " tag="035">
    <subfield code="a">(OCoLC)ocn178690046</subfield>
  </datafield>
  <datafield ind1=" " ind2=" " tag="035">
    <subfield code="a">(OCoLC)ocm42858119</subfield>
  </datafield>
  <datafield ind1=" " ind2=" " tag="040">
    <subfield code="a">PUL</subfield>
    <subfield code="c">PUL</subfield>
    <subfield code="d">PUL</subfield>
  </datafield>
  <datafield ind1=" " ind2=" " tag="035">
    <subfield code="a">(OCoLC)178690046</subfield>
  </datafield>
  <datafield ind1=" " ind2=" " tag="035">
    <subfield code="9">CNJ6722TS</subfield>
  </datafield>
  <datafield ind1=" " ind2=" " tag="035">
    <subfield code="a">(NjP)2787711</subfield>
  </datafield>
  <datafield ind1=" " ind2=" " tag="079">
    <subfield code="a">ocm42858119</subfield>
  </datafield>
  <datafield ind1=" " ind2=" " tag="049">
    <subfield code="a">PULL</subfield>
  </datafield>
  <datafield ind1="1" ind2=" " tag="100">
    <subfield code="6">880-01</subfield>
    <subfield code="a">Darwīsh, Abū al-Wafāʼ Muḥammad.</subfield>
  </datafield>
  <datafield ind1="0" ind2="0" tag="245">
    <subfield code="6">880-02</subfield>
    <subfield code="a">Min rasāʼil ilā ṣadīq,</subfield>
    <subfield code="b">aw al-Islām wa-al-īmān wa-al-iḥsān, fī rasāʼil.</subfield>
  </datafield>
  <datafield ind1="3" ind2="0" tag="246">
    <subfield code="6">880-03</subfield>
    <subfield code="a">Islām wa-al-īmān</subfield>
  </datafield>
  <datafield ind1=" " ind2=" " tag="260">
    <subfield code="6">880-04</subfield>
    <subfield code="a">[Cairo]</subfield>
    <subfield code="b">Maṭbaʻat al-Sunnah al-Muḥammadīyah,</subfield>
    <subfield code="c">1954.</subfield>
  </datafield>
  <datafield ind1=" " ind2=" " tag="300">
    <subfield code="a">104 p.</subfield>
    <subfield code="c">20 cm.</subfield>
  </datafield>
  <datafield ind1=" " ind2=" " tag="546">
    <subfield code="a">In Arabic.</subfield>
  </datafield>
  <datafield ind1=" " ind2="0" tag="650">
    <subfield code="a">Faith (Islam).</subfield>
    <subfield code="0">http://id.loc.gov/authorities/subjects/sh85046930</subfield>
  </datafield>
  <datafield ind1=" " ind2="0" tag="650">
    <subfield code="a">Islam.</subfield>
    <subfield code="0">http://id.loc.gov/authorities/subjects/sh85068390</subfield>
  </datafield>
  <datafield ind1="1" ind2=" " tag="880">
    <subfield code="6">100-01/r</subfield>
    <subfield code="a">درويش، ابو الوفاء محمد.</subfield>
  </datafield>
  <datafield ind1="0" ind2="0" tag="880">
    <subfield code="6">245-02/r</subfield>
    <subfield code="a">من رسائل الا صديق،</subfield>
    <subfield code="b">او الاسلام والايمان والاحسان، في رسائل.</subfield>
  </datafield>
  <datafield ind1="3" ind2="0" tag="880">
    <subfield code="6">246-03/r</subfield>
    <subfield code="a">اسلام والايمان</subfield>
  </datafield>
  <datafield ind1=" " ind2=" " tag="880">
    <subfield code="6">260-04/r</subfield>
    <subfield code="a">[القاهرة]</subfield>
    <subfield code="b">مطبعة السنة المحمدية،</subfield>
    <subfield code="c">1954.</subfield>
  </datafield>
  <datafield ind1=" " ind2=" " tag="911">
    <subfield code="a">20000130</subfield>
  </datafield>
  <datafield ind1=" " ind2=" " tag="994">
    <subfield code="a">C0</subfield>
    <subfield code="b">PUL</subfield>
  </datafield>
  <datafield ind1=" " ind2=" " tag="999">
    <subfield code="a">2787711</subfield>
  </datafield>
  <datafield ind1="0" ind2="0" tag="852">
    <subfield code="0">3098675</subfield>
    <subfield code="b">rcppa</subfield>
    <subfield code="t">1</subfield>
    <subfield code="h">BP166.78</subfield>
    <subfield code="i">.D379 1954</subfield>
    <subfield code="x">tr fr nec</subfield>
  </datafield>
  <datafield ind1=" " ind2=" " tag="959">
    <subfield code="a">2009-06-29 16:04:41 -0500</subfield>
  </datafield>
</record>
